
%%%%%%%%%%%%%%%%%%%%%%%%%%%%%%%%%%
% Kapitel Neoliberalismus
%%%%%%%%%%%%%%%%%%%%%%%%%%%%%%%%%%

@Book{Beherens1949,
	author = {Behrens, Fritz},
	editor = {asdf},
	title = {Hermann Heinrich Gossen oder Die Geburt der wissenschaftlichen Apologetik des Kapitalismus},
	publisher = {asdf},
	year = {1949},
}

@Article{Aiginger2016,
	author = {Aiginger, Karl},
	title = {Jenseits von Keynesianismus und Neoliberalismus},
	journal = {WU Working Paper},
	year = {2016},
}

@Article{Widmann2020,
	author = {Widmann, Aloysius},
	title = {Neoliberalismus in Zeiten der Klimakrise: Ob er überlebt?, Ausgabe 29.02.2020},
	journal = {derStandard},
	year = {2020},
}

@article{Venugopal2015,
	author = {Venugopal, Rajesh },
	title = {Neoliberalism as Concept},
	journaltitle = {Economy and Society},
	date = {2015},
	OPTvolume = {44},
	OPTissue = {2},
	OPTpages = {165--187},
}

@book{Friedman1962,
	author = {Friedman, Milton; Schwartz, Anna Jacobson},
	title = {A Monetary History of the United States, 1867–1960 },
	date = {1963},
	OPTeditor = {Princeton University Press},
}

@article{Epstein1999,
	author = {Epstein, Gene},
	title = {Mr. Market [Interview with Milton Friedman]},
	journaltitle = {Hoover Digest},
	date = {1999},
	OPTurl = {https://www.hoover.org/research/mr-market},
	OPTurldate = {30.01.1999},
}

@book{Skousen2005,
	author = {Skousen, Mark},
	title = {Vienna and Chicago, Friends or Foes? -- A Tale of Two Schools of Free-Market Economics},
	date = {2005},
	OPTeditor = {Regnery Publishing},	
}

@book{Lippmann1937,
	author = {Lippmann, Walter},
	title = {The Good Society},
	date = {1937},
	OPTeditor = {Little, Brown and Company},
}

@book{Hegner2000,
	author = {Hegner, Jan},
	title = {Alexander Rüstow -- Ordnungspolitische Konzeption und Einfluss auf das wirtschaftspolitische Leitbild der Nachkriegszeit in der Bundesrepublik Deutschland},
	date = {2000},
	OPTeditor = {Lucius and Lucius},
}

@article{Horn2018,
	author = {Horn, Karen},
	title = {Der Neoliberalismus wird achtzig},
	journaltitle = {Frankfurter Allgemeine Zeitung},
	date = {2018},
	OPTurl = {https://www.faz.net/aktuell/finanzen/finanzmarkt/neoliberalismus-wird-achtzig-geboren-aus-dem-geist-der-krise-15733799-p4.html},
	OPTurldate = {24.08.2018},
}

@book{Mirowski2009,
	author = {Mirowski, Philip; Plehwe Dieter},
	title = {The Road from Mont Pelerin},
	date = {2009},
	OPTeditor = {Harvard University Press},
}

@article{Plehwe2015,
	author = {Plehwe, Dieter; Schmelzer, Matthias},
	title = {The Power of Neoliberal Expert, Consulting, and Lobby Networks},
	journaltitle = {Studie in Contemporary History},
	OPTvolume = {12},
	OPTpages = {488--499},
	date = {2015},	
}

@book{Kolev2017,
	author = {Kolev, Stefan},
	title = {Neoliberale Staatsverständnisse im Vergleich},
	date = {2017},
	editor = {DeGruyter, Oldenburg},
}

@article{Kirzner1967,
	author = {Kirzner, Israel},
	title = {Divergent Approaches in Libertarian Economic Thougth},
	journaltitle = {Intercollegiate Review},
	OPTvolume = {3},
	OPTissue = {3},
	OPTpages = {101--108},
	date = {1967},	
}

@book{BBK2016,
	author = {Deutsche Bundesbank},
	title = {Notenbank für Deutschland},
	date = {2016},
	editor = {Deutsche Bundesbank},
}




%%%%%%%%%%%%%%%%%%%%%%%%%%%%%%%%%%%%%%%%%%%%%
% Kapitel Neue Klassische Makroökonomie
%%%%%%%%%%%%%%%%%%%%%%%%%%%%%%%%%%%%%%%%%%%%%

@article{Woodford1999,
	title={Revolution and Evolution in Twentieth-Century Macroeconomics},
	author={Woodford, Michael},
	journal={Frontiers of the Mind in the Twenty-First Century},
	year={1999},
}


@article{Stiglitz1987,
	author = {Stiglitz, Joseph E; Greenwald, B},
	title = {Keynesian, New Keynesian and New Classical Economics},
	journaltitle = {Oxford Economic Papers},
	OPTvolume = {39},
	OPTissue = {1},
	OPTpages = {119--133},
	date = {1987},	
}


@article{Lucas2003,
	author = {Lucas, Robert E},
	title = {Macroeconomic Priorities},
	journaltitle = {American Economic Review},
	OPTvolume = {93},
	OPTissue = {1},
	OPTpages = {1--14},
	date = {2003},
}


@article{Lucas2004,
	author = {Lucas, Robert E},
	title = {The Industrial Revolution: Past and Future},
	journaltitle = {The Region (2003 Annual	Report of the Federal Reserve Bank of Minneapolis)},
	OPTpages = {5--20},
	date = {2004},
}


@book{Lucas1987,
	author = {Lucas, Robert E},
	title = {Models of Business Cycles},
	date = {1987},
	editor = {New York: Basil Blackwell},
}


@article{Lucas1979,
	author = {Lucas, Robert E; Sargent, Thomas J},
	title = {After Keynesian Macroeconomics},
	journaltitle = {Federal Reserve Bank of Minneapolis Quarterly Review},
	OPTvolume = {3},
	OPTissue = {2},
	OPTpages = {1--18},
	date = {1979},
}

@inproceedings{Lucas1976,
	title={Econometric Policy Evaluation: A Critique},
	author={Lucas, Robert E},
	booktitle={Carnegie-Rochester conference series on public policy},
	volume={1},
	number={1},
	pages={19--46},
	year={1976},
}


@article{Muth1961,
	title={Rational expectations and the theory of price movements},
	author={Muth, John F},
	journal={Econometrica},
	volume={29},
	number={3},
	pages={315--335},
	year={1961},
}


@article{Lucas1972,
	title={Expectations and the Neutrality of Money},
	author={Lucas, Robert E},
	journal={Journal of Economic Theory},
	volume={4},
	number={2},
	pages={103--124},
	year={1972},
}

@article{Sargent1975,
	title={Rational Expectations, the Optimal Monetary Instrument, and the Optimal Money Supply Rule},
	author={Sargent, Thomas J; Wallace, Neil},
	journal={Journal of Political Economy},
	volume={83},
	number={2},
	pages={241--254},
	year={1975},
	publisher={The University of Chicago Press},
}


@book{Klamer1984,
	author = {Klamer, Arjo},
	title = {Conversations with Economists},
	date = {1984},
	editor = {Rowman \& Allanheld},
}


@article{Fischer1977,
	title={Long-term Contracts, Rational Expectations, and the Optimal Money Supply Rule},
	author={Fischer, Stanley},
	journal={Journal of political economy},
	volume={85},
	number={1},
	pages={191--205},
	year={1977},
	publisher={The University of Chicago Press},
}

@article{Barro1976,
	title={Rational Expectations and the Role of Monetary Policy},
	author={Barro, Robert J},
	journal={Journal of Monetary Economics},
	volume={2},
	number={1},
	pages={1--32},
	year={1976},
}


@article{Barro1971,
	title={A General Disequilibrium Model of Income and Employment},
	author={Barro, Robert J; Grossman, Herschel I},
	journal={American Economic Review},
	volume={61},
	number={1},
	pages={82--93},
	year={1971},
}


@article{Kydland1977,
	title={Rules rather than Discretion: The Inconsistency of Optimal Plans},
	author={Kydland, Finn E; Prescott, Edward C},
	journal={Journal of Political Economy},
	volume={85},
	number={3},
	pages={473--491},
	year={1977},
}


@article{Kydland1982,
	title={Time to Build and Aggregate Fluctuations},
	author={Kydland, Finn E; Prescott, Edward C},
	journal={Econometrica},
	volume={50},
	pages={1345--1370},
	year={1982},
}

@misc{Nobelpreis-Komitee2004,
	author = {Nobelpreis-Komitee},
	editor = {Advanced information on the Bank of Sweden Prize in Economic Sciences in Memory of Alfred Nobel},
	title = {Finn Kydland and Edward Prescott’s Contribution to Dynamic Macroeconomics: The Time Consistency of Economic Policy and the Driving Forces Behind Business Cycles },
	year = {2004}
	OPTeditor{https://www.nobelprize.org/uploads/2018/06/advanced-economicsciences2004.pdf},	
}

@misc{Lucas2013,
	author = {Harald Uhlig},
	editor = {Frankfurter Allgemeine Zeitung},
	title = {Interview mit Robert Lucas: Die Leute sind nicht verrückt},
	year = {2013}
	OPTeditor{https://www.faz.net/aktuell/wirtschaft/wirtschaftswissen/die-weltverbesserer/robert-lucas-die-leute-sind-nicht-verrueckt-12564374.html},	
}

@misc{Hall1976,
	author = {Robert Hall},
	editor = {Stanford University Working Paper},
	title = {Notes on the Current State of Empirical Macroeconomics},
}

@article{Barro1974,
	title={Are Government Bonds Net Wealth?},
	author={Barro, Robert J.},
	journal={Journal of Political Economy},
	volume={82},
	issue={6},
	pages={1095--1117},
	year={1974},
}

@article{Blinder1973,
	title={Does Fiscal Policy Matter?},
	author={Blinder Alan; Solow Robert M.},
	journal={Journal of Public Economics},
	volume={2},
	issue={4},
	pages={319--337},
	year={1973},
}


@misc{Barro2005,
	author = {Douglas Clement},
	editor = {Minneapolis Fed},
	title = {Interview with Robert Barro},
	year = {2005}
	OPTeditor{https://www.minneapolisfed.org/article/2005/interview-with-robert-barro},	
}


@article{Barro1983a,
	title = {Rules, Discretion and Reputation in a Model of Monetary Policy},
	journal = {Journal of Monetary Economics},
	volume = {12},
	number = {1},
	pages = {101--121},
	year = {1983},
	author = {Barro, Robert J.; Gordon,  David B},
}


@article{Barro1983b,
	title = {A Positive Theory of Monetary Policy in a Natural Rate Model},
	journal = {Journal of Political Economy},
	volume = {91},
	number = {4},
	pages = {589--610},
	year = {1983},
	author = {Barro, Robert J.; Gordon,  David B},
}


@article{Tabellini1993,
	title = {Designing Institutions for Monetary Stability},
	author = {Persson, Torsten E.; Tabellini, Guido},
	journal = {Carnegie-Rochester Conference Series on Public Policy},
	year = {1993},
	volume = {39},
	pages = {35--84},
}


@misc{Fischer1994,
	author = {Fischer, Andreas M.; Zurlinden, Mathias},
	editor = {Bulletin trimestriel BNS},
	title = {Geldpolitik mit formellen Inflationszielen: eine Übersicht},
	year = {1994},	
}


%%%%%%%%%%%%%%%%%%%%%%%%%%%%%%%%%%%%%%%%%%%%%%%%%%%%%%%%%%
% Endogenous Growth
%%%%%%%%%%%%%%%%%%%%%%%%%%%%%%%%%%%%%%%%%%%%%%%%%%%%%%%%%%

@article{Romer1994,
	author = {Romer, Paul M.},
	date = {1994},
	title = {The Origins of Endogenous Growth},
	journal = {Journal of Economic Perspectives},
	volume = {8},
	number = {1},
	pages = {3--22}
}


@article{Romer1986,
	author = {Romer, Paul M.},
	date = {1986},
	title = {Increasing Returns and Long-Run Growth},
	journal = {Journal of Political Economy},
	volume = {94},
	number = {5},
	pages = {1002--1037}
}


@article{Romer1990,
	author = {Romer, Paul M.},
	date = {1990},
	title = {Endogenous Technological Change},
	journal = {Journal of Political Economy},
	volume = {98},
	number = {5 (pt2)},
	pages = {71--102}
}


@article{Lucas1988,
	author = {Lucas, Robert E.},
	date = {1988},
	title = {On the Mechanics of Economic Development},
	journal = {Journal of Monetary Economics},
	volume = {22},
	number = {1},
	pages = {3--42}
}


@misc{Romer2018,
	author = {Romer, Paul M.},
	editor = {Nobel-Prize-Lecture},
	title = {On the Possibility of Progress},
	year = {2018},
	url = {https://www.nobelprize.org/prizes/economic-sciences/2018/romer/lecture/},
}

@article{Romer2015,
	Author = {Romer, Paul M.},
	Title = {Mathiness in the Theory of Economic Growth},
	Journal = {American Economic Review: Papers \& Proceedings},
	Volume = {105},
	Number = {5},
	Year = {2015},
	Month = {May},
	Pages = {89-93},
	DOI = {10.1257/aer.p20151066},
	URL = {https://www.aeaweb.org/articles?id=10.1257/aer.p20151066}
}

@book{Maddison1982,
	author = {Maddison, Angus},
	title = {Phase of Capitalist Development},
	date = {1982},
	editor = {Oxford University Press}
}
	





%%%%%%%%%%%%%%%%%%%%%%%%%%%%%%%%%%%%%%%%%%%%%%%%%%%%%%%%%
% Chicago School
%%%%%%%%%%%%%%%%%%%%%%%%%%%%%%%%%%%%%%%%%%%%%%%%%%%%%%%%%

@article{Friedman1968,
	author = {Friedman, Milton; Schwartz, Anna J.},
	title = {The Role of Monetary Policy},
	journaltitle = {American Economic Review},
	OPTvolume = {58},
	OPTissue = {1},
	OPTpages = {1--17},
	date = {1968},
}


@book{Friedman1963,
	author = {Friedman, Milton},
	title = {A Monetary History of the United States, 1867–1960},
	date = {1963},
	editor = {Princeton University Press},
}








%%%%%%%%%%%%%%%%%%%%%%%%%%%%%%%%%%%%%%%%%%%%%%%%%%%%%%%%%%%
% Neu-Keynes
%%%%%%%%%%%%%%%%%%%%%%%%%%%%%%%%%%%%%%%%%%%%%%%%%%%%%%%%%%%

@article{Taylor1977,
	title = {Stabilizing Powers of Monetary Policy under Rational Expectations },
	author = {Phelps, Edmund S.; Taylor, John B.},
	journal = {Journal of Political Economy},
	year = {1977},
	volume = {85},
	number = {1},
	pages = {163--190},
}



%%%%%%%%%%%%%%%%%%%%%%%%%%%%%%%%%%%%%%%%%%%%%%%%%%%%%%%%%%%
% Allgemein
%%%%%%%%%%%%%%%%%%%%%%%%%%%%%%%%%%%%%%%%%%%%%%%%%%%%%%%%%%%

@book{Blanchard2003,
	author = {Blanchard Olivier},
	title = {Macroeconomics},
	date = {2003},
	editor = {Pearson Studium},
}

@book{Samuelson1998,
	author = {Samuelson, Paul, Nordhaus William D.},
	title = {Economics,
	date = {1998},
	editor = {MCGraw-Hill},
}
